@article{tsai2012bag,
  title={Bag-of-Words Representation in Image Annotation: A Review},
  author={Tsai, Chih-Fong},
  journal={ISRN Artificial Intelligence},
  volume={2012},
  year={2012},
  publisher={Hindawi Publishing Corporation}
}

@article{van2011empowering,
  title={Empowering visual categorization with the GPU},
  author={van de Sande, Koen EA and Gevers, Theo and Snoek, Cees GM},
  journal={Multimedia, IEEE Transactions on},
  volume={13},
  number={1},
  pages={60--70},
  year={2011},
  publisher={IEEE}
}

@inproceedings{jurie2005creating,
  title={Creating efficient codebooks for visual recognition},
  author={Jurie, Frederic and Triggs, Bill},
  booktitle={Computer Vision, 2005. ICCV 2005. Tenth IEEE International Conference on},
  volume={1},
  pages={604--610},
  year={2005},
  organization={IEEE}
}

@article{li2010investigating,
  title={Investigating the bag-of-words method for 3D shape retrieval},
  author={Li, Xiaolan and Godil, Afzal},
  journal={EURASIP Journal on Advances in Signal Processing},
  volume={2010},
  pages={5},
  year={2010},
  publisher={Hindawi Publishing Corp.}
}

@incollection{toldo2009bag,
  title={A bag of words approach for 3d object categorization},
  author={Toldo, Roberto and Castellani, Umberto and Fusiello, Andrea},
  booktitle={Computer Vision/Computer Graphics CollaborationTechniques},
  pages={116--127},
  year={2009},
  publisher={Springer}
}

@misc{reynolds2009gaussian,
  title={Gaussian Mixture Models.},
  author={Reynolds, Douglas A},
  year={2009}
}

@inproceedings{lowe1999object,
  title={Object recognition from local scale-invariant features},
  author={Lowe, David G},
  booktitle={Computer vision, 1999. The proceedings of the seventh IEEE international conference on},
  volume={2},
  pages={1150--1157},
  year={1999},
  organization={Ieee}
}

@article{jain2010data,
  title={Data clustering: 50 years beyond K-means},
  author={Jain, Anil K},
  journal={Pattern Recognition Letters},
  volume={31},
  number={8},
  pages={651--666},
  year={2010},
  publisher={Elsevier}
}

@inproceedings{scovanner20073,
  title={A 3-dimensional sift descriptor and its application to action recognition},
  author={Scovanner, Paul and Ali, Saad and Shah, Mubarak},
  booktitle={Proceedings of the 15th international conference on Multimedia},
  pages={357--360},
  year={2007},
  organization={ACM}
}

@inproceedings{ohbuchi2008accelerating,
  title={Accelerating bag-of-features sift algorithm for 3d model retrieval},
  author={Ohbuchi, Ryutarou and Furuya, Takahiko},
  booktitle={Proc. SAMT 2008 Workshop on Semantic 3D Media (S-3D)},
  pages={23--30},
  year={2008}
}

@article{tangelder2008survey,
  title={A survey of content based 3D shape retrieval methods},
  author={Tangelder, Johan WH and Veltkamp, Remco C},
  journal={Multimedia tools and applications},
  volume={39},
  number={3},
  pages={441--471},
  year={2008},
  publisher={Springer}
}

@inproceedings{csurka2004visual,
  title={Visual categorization with bags of keypoints},
  author={Csurka, Gabriella and Dance, Christopher and Fan, Lixin and Willamowski, Jutta and Bray, C{\'e}dric},
  booktitle={Workshop on statistical learning in computer vision, ECCV},
  volume={1},
  pages={22},
  year={2004}
}

@inproceedings{fei2005bayesian,
  title={A bayesian hierarchical model for learning natural scene categories},
  author={Fei-Fei, Li and Perona, Pietro},
  booktitle={Computer Vision and Pattern Recognition, 2005. CVPR 2005. IEEE Computer Society Conference on},
  volume={2},
  pages={524--531},
  year={2005},
  organization={IEEE}
}

@inproceedings{zhangcategory,
  title={Category Modeling from just a Single Labeling: Use Depth Information to Guide the Learning of 2D Models},
  author={Zhang, Quanshi and Song, Xuan and Shao, Xiaowei and Shibasaki, Ryosuke and Zhao, Huijing},
  booktitle={Computer Vision and Pattern Recognition, 2013. CVPR 2013. IEEE Computer Society Conference on},
  year={2013},
  organization={IEEE}
}
