@inproceedings{3d_keypoint_eval,
  title={A performance evaluation of 3d keypoint detectors},
  author={Salti, Samuele and Tombari, Federico and Stefano, Luigi Di},
  booktitle={3D Imaging, Modeling, Processing, Visualization and Transmission (3DIMPVT), 2011 International Conference on},
  pages={236--243},
  year={2011},
  organization={IEEE}
}

@article{sift_features,
  title={Distinctive image features from scale-invariant keypoints},
  author={Lowe, David G},
  journal={International journal of computer vision},
  volume={60},
  number={2},
  pages={91--110},
  year={2004},
  publisher={Springer}
}

@article{kmeans_jain2010data,
  title={Data clustering: 50 years beyond K-means},
  author={Jain, Anil K},
  journal={Pattern Recognition Letters},
  volume={31},
  number={8},
  pages={651--666},
  year={2010},
  publisher={Elsevier}
}

@inproceedings{fisher1,
  title={Fisher kernels on visual vocabularies for image categorization},
  author={Perronnin, Florent and Dance, Christopher},
  booktitle={Computer Vision and Pattern Recognition, 2007. CVPR'07. IEEE Conference on},
  pages={1--8},
  year={2007},
  organization={IEEE}
}

@incollection{fisher2,
  title={Improving the fisher kernel for large-scale image classification},
  author={Perronnin, Florent and S{\'a}nchez, Jorge and Mensink, Thomas},
  booktitle={Computer Vision--ECCV 2010},
  pages={143--156},
  year={2010},
  publisher={Springer}
}

@article{tsai2012bag,
  title={Bag-of-Words Representation in Image Annotation: A Review},
  author={Tsai, Chih-Fong},
  journal={ISRN Artificial Intelligence},
  volume={2012},
  year={2012},
  publisher={Hindawi Publishing Corporation}
}

@article{pcl_keypoint_comparision,
  title={A Comparative Evaluation of 3D Keypoint Detectors},
  author={Filipe, S{\i}lvio and Alexandre, Lu{\i}s A}
}

@inproceedings{zhangcategory,
  title={Category Modeling from just a Single Labeling: Use Depth Information to Guide the Learning of 2D Models},
  author={Zhang, Quanshi and Song, Xuan and Shao, Xiaowei and Shibasaki, Ryosuke and Zhao, Huijing},
  booktitle={Computer Vision and Pattern Recognition, 2013. CVPR 2013. IEEE Computer Society Conference on},
  year={2013},
  organization={IEEE}
}

@incollection{B3DO,
  title={A Category-Level 3D Object Dataset: Putting the Kinect to Work},
  author={Janoch, Allison and Karayev, Sergey and Jia, Yangqing and Barron, Jonathan T and Fritz, Mario and Saenko, Kate and Darrell, Trevor},
  booktitle={Consumer Depth Cameras for Computer Vision},
  pages={141--165},
  year={2013},
  publisher={Springer}
}

@inproceedings{pcl_features,
  title={3D descriptors for object and category recognition: a comparative evaluation},
  author={Alexandre, Lu{\i}s A},
  booktitle={Workshop on Color-Depth Camera Fusion in Robotics at the IEEE/RSJ International Conference on Intelligent Robots and Systems (IROS), Vilamoura, Portugal},
  year={2012}
}
